@Article{Munich2003,
  author  = {Munich, M.E. and Perona, P.},
  journal = {IEEE Transactions on Pattern Analysis and Machine Intelligence},
  title   = {Visual identification by signature tracking},
  year    = {2003},
  number  = {2},
  pages   = {200-217},
  volume  = {25},
  doi     = {10.1109/TPAMI.2003.1177152},
}

@InProceedings{Lehr2019,
  author    = {Jan Lehr and Marian Schluter and Jorg Kruger},
  booktitle = {2019 24th {IEEE} International Conference on Emerging Technologies and Factory Automation ({ETFA})},
  title     = {Classification of Similar Objects of Different Sizes Using a Reference Object by Means of Convolutional Neural Networks},
  year      = {2019},
  month     = {sep},
  publisher = {{IEEE}},
  doi       = {10.1109/etfa.2019.8869120},
}

@Misc{CV2TemplateMatching2022,
  author       = {OpenCV},
  howpublished = {\url{https://docs.opencv.org/4.x/d4/dc6/tutorial_py_template_matching.html}},
  note         = {Zugriff am: 13.09.2022},
  title        = {Template Matching},
  year         = {2022},
}

@Misc{CV2FeatureMathing2022,
  author       = {OpenCV},
  howpublished = {\url{https://docs.opencv.org/3.4/dc/dc3/tutorial_py_matcher.html}},
  note         = {Zugriff am: 13.09.2022},
  title        = {Feature Matching},
  year         = {2022},
}

@Misc{Karami2017,
  author    = {Karami, Ebrahim and Prasad, Siva and Shehata, Mohamed},
  title     = {Image Matching Using SIFT, SURF, BRIEF and ORB: Performance Comparison for Distorted Images},
  year      = {2017},
  copyright = {arXiv.org perpetual, non-exclusive license},
  doi       = {10.48550/ARXIV.1710.02726},
  keywords  = {Computer Vision and Pattern Recognition (cs.CV), FOS: Computer and information sciences},
  publisher = {arXiv},
}

@Misc{OpenCVFDaD2022,
  author       = {OpenCV},
  howpublished = {\url{https://docs.opencv.org/3.4/db/d27/tutorial_py_table_of_contents_feature2d.html}},
  note         = {Zugriff am: 13.09.2022},
  title        = {Feature Detection and Description},
  year         = {2022},
}

@Conference{Muja.2009,
  author       = {Marius Muja. and David {G. Lowe}.},
  booktitle    = {Proceedings of the Fourth International Conference on Computer Vision Theory and Applications - Volume 1: VISAPP, (VISIGRAPP 2009)},
  title        = {FAST APPROXIMATE NEAREST NEIGHBORS WITH AUTOMATIC ALGORITHM CONFIGURATION},
  year         = {2009},
  organization = {INSTICC},
  pages        = {331-340},
  publisher    = {SciTePress},
  doi          = {10.5220/0001787803310340},
  isbn         = {978-989-8111-69-2},
  issn         = {2184-4321},
}

@Misc{ScikitDoku2022,
  author       = {scikit learn developers},
  howpublished = {https://scikit-learn.org/stable/modules/clustering.html#dbscan},
  note         = {Zugriff am: 19.09.2022},
  title        = {scikit learn Dokumentation: DBSCAN},
  year         = {2022},
}

@Comment{jabref-meta: databaseType:bibtex;}
